<?xml version="1.0" encoding="UTF-8"?><collection xmlns="http://www.loc.gov/MARC21/slim"><record><leader>00335nam--2200121-i-4500</leader><controlfield tag="001">000047125</controlfield><controlfield tag="002">20161230</controlfield><controlfield tag="005">20161230201046</controlfield><controlfield tag="008">060222s1000------------r-----000-0-eng-d</controlfield><datafield ind1=" " ind2=" " tag="100"><subfield code="a">Whippman,M.L., Gerstein,I.S</subfield></datafield><datafield ind1=" " ind2=" " tag="245"><subfield code="a">Higher symmetries for the vector mesons</subfield></datafield><datafield ind1=" " ind2=" " tag="260"><subfield code="a">Washington, U.S.Atomic Energy Commis.,1964. 5 P</subfield></datafield><datafield ind1=" " ind2=" " tag="852"><subfield code="a">19824</subfield></datafield></record></collection>